<record><leader>00000cas a22000007a 4500</leader><controlfield tag="001">18496184</controlfield><controlfield tag="008">880917d18541856iauwr ne      0    0eng d</controlfield><datafield ind1=" " ind2=" " tag="010"><subfield code="a">sn 88059762 </subfield></datafield><datafield ind1=" " ind2=" " tag="040"><subfield code="a">INP</subfield><subfield code="b">eng</subfield><subfield code="c">INP</subfield><subfield code="d">OCLCQ</subfield></datafield><datafield ind1=" " ind2=" " tag="042"><subfield code="a">msc</subfield></datafield><datafield ind1="0" ind2="0" tag="245"><subfield code="a">Demoine courier.</subfield></datafield><datafield ind1=" " ind2=" " tag="260"><subfield code="a">Ottumwa, Iowa :</subfield><subfield code="b">R.H. Warden,</subfield><subfield code="c">1854-1856.</subfield></datafield><datafield ind1=" " ind2=" " tag="300"><subfield code="a">3 v.</subfield></datafield><datafield ind1=" " ind2=" " tag="310"><subfield code="a">Weekly</subfield></datafield><datafield ind1="0" ind2=" " tag="362"><subfield code="a">Vol. 6, no. 23 (June 22, 1854)-v. 8, no. 43 (Dec. 25, 1856).</subfield></datafield><datafield ind1=" " ind2=" " tag="500"><subfield code="a">Publisher varies.</subfield></datafield><datafield ind1=" " ind2=" " tag="515"><subfield code="a">Issues for June 22-Aug. 17, 1854 called also whole no. 283-291.</subfield></datafield><datafield ind1="0" ind2="0" tag="780"><subfield code="t">Des Moines courier</subfield><subfield code="w">(DLC)sn 86081965</subfield></datafield><datafield ind1="0" ind2="0" tag="785"><subfield code="t">Weekly Ottumwa courier</subfield><subfield code="w">(DLC)sn 84027352</subfield></datafield></record>